<?xml version="1.0" encoding="UTF-8"?><collection xmlns="http://www.loc.gov/MARC21/slim"><record><leader>00373nam--2200133-i-4500</leader><controlfield tag="001">000040819</controlfield><controlfield tag="002">20161230</controlfield><controlfield tag="005">20161230201042</controlfield><controlfield tag="008">060222s1000------------r-----000-0-eng-d</controlfield><datafield ind1=" " ind2=" " tag="080"><subfield code="a">681.324(043)</subfield></datafield><datafield ind1=" " ind2=" " tag="100"><subfield code="a">Schwartz,Peter</subfield></datafield><datafield ind1=" " ind2=" " tag="245"><subfield code="a">Analyse verlustramer signalquellen fur schnelle bus-systeme</subfield></datafield><datafield ind1=" " ind2=" " tag="260"><subfield code="a">Braunschweig,Univ.,Carolo-wilhelmina, 1981. 162 P</subfield></datafield><datafield ind1=" " ind2=" " tag="852"><subfield code="a">70596</subfield></datafield></record></collection>